@article{armbrust2009m,
  title={M.: Above the clouds: a Berkeley view of cloud computing},
  author={Armbrust, Michael and Fox, O and Griffith, Rean and Joseph, Anthony D and Katz, Y and Konwinski, Andy and Lee, Gunho and Patterson, David and Rabkin, Ariel and Stoica, Ion and others},
  year={2009},
  publisher={Citeseer}
}