@ARTICLE{bowman:reasoning,
	AUTHOR = "Mic Bowman and Saumya K. Debray and Larry L. Peterson",
	TITLE = "Reasoning About Naming Systems",
	JOURNAL = "ACM Trans. Program. Lang. Syst.",
	VOLUME = {15},
	NUMBER = {5},
	PAGES = {795-825},
	MONTH = "November",
	YEAR = {1993}	}

@article{hofer:2011,
	title={Cloud computing services: taxonomy and comparison},
	author={H{\"o}fer, CN and Karagiannis, G},
	journal={Journal of Internet Services and Applications},
	volume={2},
	number={2},
	pages={81--94},
	year={2011},
	publisher={Springer},
	doi={10.1007/s13174-011-0027-x}
}
@article{dikaiakos:2009,
	title={Cloud computing: Distributed internet computing for IT and scientific research},
	author={Dikaiakos, Marios D and Katsaros, Dimitrios and Mehra, Pankaj and Pallis, George and Vakali, Athena},
	journal={Internet Computing, IEEE},
	volume={13},
	number={5},
	pages={10--13},
	year={2009},
	publisher={IEEE},
	doi={10.1109/MIC.2009.103}
}

@ARTICLE{braams:babel,
	AUTHOR = "Johannes Braams",
	TITLE = "Babel, a Multilingual Style-Option System for Use with LaTeX's Standard Document Styles",
	JOURNAL = {TUGboat},
	VOLUME = {12},
	NUMBER = {2},
	PAGES = {291-301},
	MONTH = "June",
	YEAR = {1991}	}

@INPROCEEDINGS{clark:pct,
	AUTHOR = "Malcolm Clark",
	TITLE = "Post Congress Tristesse",
	BOOKTITLE = "TeX90 Conference Proceedings",
	PAGES = "84-89",
	ORGANIZATION = "TeX Users Group",
	MONTH = "March", 
	YEAR = {1991}	}

@ARTICLE{herlihy:methodology,
	AUTHOR = "Maurice Herlihy",
	TITLE = "A Methodology for Implementing Highly Concurrent
	Data Objects",
	JOURNAL = {ACM Trans. Program. Lang. Syst.},
	VOLUME = {15},
	NUMBER = {5},
	PAGES = {745-770},
	MONTH = "November",
	YEAR = {1993}	}



@book{richardson:2012,
	title={Getting Started with Raspberry Pi},
	author={Richardson, Matt and Wallace, Shawn},
	year={2012},
	publisher={" O'Reilly Media, Inc."}
}

@book{computer-networking,
	title={Computer Networking A Top-Down Approach},
	author={James F. Kurose, Keith W. Ross},
	year={2012},
	edition={Sixth Edition},
	publisher={Pearson},
	 ISBN={978-0-13-285620-1}
}
@article{armbrust:2009,
  title={M.: Above the clouds: a Berkeley view of cloud computing},
  author={Armbrust, Michael and Fox, O and Griffith, Rean and Joseph, Anthony D and Katz, Y and Konwinski, Andy and Lee, Gunho and Patterson, David and Rabkin, Ariel and Stoica, Ion and others},
  journal={Communications of the ACM},
  year={2009},
  publisher={ACM},
  doi={10.1145/1721654.1721672}
}

@article{wolf:1997,
	title={Disk load balancing for video-on-demand systems},
	author={Wolf, Joel L and Philip, S Yu and Shachnai, Hadas},
	journal={Multimedia Systems},
	volume={5},
	number={6},
	pages={358--370},
	year={1997},
	publisher={Springer}
}

@article{cox:2014,
	title={Iridis-pi: a low-cost, compact demonstration cluster},
	author={Cox, Simon J and Cox, James T and Boardman, Richard P and Johnston, Steven J and Scott, Mark and Oâ€™brien, Neil S},
	journal={Cluster Computing},
	volume={17},
	number={2},
	pages={349--358},
	year={2014},
	publisher={Springer},
	doi={10.1007/s10586-013-0282-7}
}

@article{beloglazov2012energy,
	title={Energy-aware resource allocation heuristics for efficient management of data centers for cloud computing},
	author={Beloglazov, Anton and Abawajy, Jemal and Buyya, Rajkumar},
	journal={Future generation computer systems},
	volume={28},
	number={5},
	pages={755--768},
	year={2012},
	publisher={Elsevier},
	doi={doi:10.1016/j.future.2011.04.017}
}

@inproceedings{Miettinen:2010:EEM:1863103.1863107,
	author = {Miettinen, Antti P. and Nurminen, Jukka K.},
	title = {Energy Efficiency of Mobile Clients in Cloud Computing},
	booktitle = {Proceedings of the 2Nd USENIX Conference on Hot Topics in Cloud Computing},
	series = {HotCloud'10},
	year = {2010},
	location = {Boston, MA},
	pages = {4--4},
	numpages = {1},
	url = {http://dl.acm.org/citation.cfm?id=1863103.1863107},
	acmid = {1863107},
	publisher = {USENIX Association},
	address = {Berkeley, CA, USA},
} 

@inproceedings{beloglazov:2010,
	title={Energy efficient allocation of virtual machines in cloud data centers},
	author={Beloglazov, Anton and Buyya, Rajkumar},
	booktitle={Cluster, Cloud and Grid Computing (CCGrid), 2010 10th IEEE/ACM International Conference on},
	pages={577--578},
	year={2010},
	organization={IEEE},
	doi={10.1109/CCGRID.2010.45}
}

@incollection{qian:2009,
	title={Cloud computing: An overview},
	author={Qian, Ling and Luo, Zhiguo and Du, Yujian and Guo, Leitao},
	booktitle={Cloud Computing},
	pages={626--631},
	year={2009},
	publisher={Springer},
	doi={10.1007/978-3-642-10665-1_63}
}

@inproceedings{plissonneau:2012,
	title={A longitudinal view of HTTP video streaming performance},
	author={Plissonneau, Louis and Biersack, Ernst},
	booktitle={Proceedings of the 3rd Multimedia Systems Conference},
	pages={203--214},
	year={2012},
	organization={ACM}
}


@misc{dan1996load,
	title={Load balancing in video-on-demand servers by allocating buffer to streams with successively larger buffer requirements until the buffer requirements of a stream can not be satisfied},
	author={Dan, Asit and Sitaram, Dinkar},
	year={1996},
	month=aug # "~6",
	publisher={Google Patents},
	note={US Patent 5,544,327}
}

@misc{nmon,
	author = {LINUX},
	editor = {LINUX},
	title = {nmon for Linux},
	year = {2012},
	month 	= {},
	howpublished = {	\url{http://nmon.sourceforge.net/pmwiki.php}},
	note= {Last accessed March 2, 2015},
	
	
}

@misc{iapc,
	author = {IAPC},
	editor = {IAPC},
	title = {Assortiment},
	year = {2015},
	month 	= {},
	howpublished = {	\url{https://www.iapc.utwente.nl/assortiment}},
	note= {Last accessed March 8, 2015},
	
	
}

@misc{permission,
	author = {askubuntu},
	editor = {askubuntu},
	title = {Changing permissions for folders and files in /var/www/},
	year = {2014},
	month 	= {},
	howpublished = {\url{http://askubuntu.com/questions/416528/changing-permissions-for-folders-and-files-in-var-www}},
	note= {Last accessed March 8, 2015},
	
	
}

@misc{bandwidth,
	author = {Silver Moon},
	editor = {Silver Moon},
	title = {18 commands to monitor network bandwidth on Linux server},
	year = {2014},
	month 	= {},
	howpublished = {\url{http://www.binarytides.com/linux-commands-monitor-network/}},
	note= {Last accessed March 2, 2015},
	
	
}


@misc{raspberry-pi,
	author = {RASPBERRY PI FOUNDATION},
	editor = {RASPBERRY PI FOUNDATION},
	title = {WHAT IS A RASPBERRY PI?},
	year = {2015},
	 month 	= {},
	 howpublished = {	\url{http://www.raspberrypi.org/help/what-is-a-raspberry-pi/}},
	note= {Last accessed February 27, 2015},

	
}

@misc{load-balancing,
	author = {The University of Tennessee},
	editor = {Office of Information Technology},
	title = {What load balancing methods are available?},
	year = {2015},
	month 	= {},
	howpublished = {\url{https://help.utk.edu/kb/index2.php?func=show&e=1699}},
	note = {Last accessed February 19, 2015},

	
}
@misc{Raspberry-media-server,
	author = { Nick Peers},
month 	= {},
	title = {How to build the best Raspberry Pi media server},
	year = {2015},
	 howpublished = {\url{http://www.techradar.com/news/digital-home/media-servers/how-to-build-the-best-raspberry-pi-media-server-1163133/2}},
	note = {Last accessed February 27, 2015},

	
}
@misc{gstreamer,
	author = { Gstreamer},	
	title = {Gstreamer sdk},
	year = {2015},
	month 	= {},
	 howpublished = {\url{http://www.gstreamer.com/}},
	note = {Last accessed February 27, 2015},

	
}



@misc{hosting,
	author = {raspberry-hosting},
	editor = {raspberry-hosting},
	title = {Raspberry Pi hosting. Raspberry Pi in the heart of Europe.},
	year = {2015},
	month 	= {},
	 howpublished = {\url{https://raspberry-hosting.com/en}},
	 note = {Last accessed February 27, 2015},


}


@misc{density,
	author = {The Datacenter Journal},
	editor = {The Datacenter Journal},
	title = { The Datacenter Journal. Raising Data Center Power Density},
	year = {2013},
	month 	= {October},
	 howpublished = {	\url{http://www.datacenterjournal.com/it/raising-data-center-power-density/}},
	 note = {Last accessed February 27, 2015},
}

@misc{Pcextreme,
	author = {PCextreme},
	title = { Raspberry Pi colocatie},
	year = {2013},
		month 	= "October",
	 howpublished = {\url{http://raspberrycolocatie.nl/}},
	 note = {Last accessed February 27, 2015},
	
}

@misc{VPN:2014,
	author={Lauren Orsini},
	editor={readwrite},
	title={Building A Raspberry Pi VPN Part One: How And Why To Build A Server},
	year={2014},
		month 	= {},
	 howpublished = {	\url{http://readwrite.com/2014/04/10/raspberry-pi-vpn-tutorial-server-secure-web-browsing}},
	 note = {Last accessed February 27, 2015},

	}

@misc{Powerusage,
	author = {PCextreme},
	title = { Waarom doen we dit},
	year = {2013},
		month 	= {},
	 howpublished = {\url{http://raspberrycolocatie.nl/why/}},
	 note = {Last accessed February 27, 2015}
}


@misc{dropbox-clone,
	author = {koff1979},
	title = {Raspberry Pi Owncloud (dropbox clone)},
	year = {2015},
	month 	= {},
	howpublished = {	\url{http://www.instructables.com/id/Raspberry-Pi-Owncloud-dropbox-clone/}},
	
	note = {Last accessed February 28, 2015}
}

@misc{nginx-load-balancing,
	author = {Etel Sverdlov},
	title = {How To Set Up Nginx Load Balancing},
	year = {2012},
	month 	= {},
	howpublished = {	\url{https://www.digitalocean.com/community/tutorials/how-to-set-up-nginx-load-balancing}},
	
	note = {Last accessed February 27, 2015}
}

@misc{nginx-load-balancing-3,
	author = {Nginx},
	title = {Using nginx as HTTP load balancer},
	year = {2015},
	month 	= {},
	howpublished = {	\url{http://nginx.org/en/docs/http/load_balancing.html}},
	
	note = {Last accessed February 28, 2015}
}

@misc{amazon,
	author = {Amazon},
	title = {Elastic Load Balancing},
	year = {2015},
	month 	= {},
	howpublished = {	\url{http://docs.aws.amazon.com/ElasticLoadBalancing/latest/APIReference/Welcome.html}},
	
	note = {Last accessed February 28, 2015}
}


@misc{nginx-load-balancing-2,
	author = {NETWORKING HOWTOS},
	title = {Load Balancing with Nginx},
	year = {2013},
		month 	= {},
	 howpublished = {	\url{http://www.networkinghowtos.com/howto/load-balancing-with-nginx/}},

	 note = {Last accessed February 27, 2015}
}

@misc{volkskrant,
	author = {de Volkskrant},
	title = {Nederland op vijfde plek met bijna miljoen Netflix-abonnees},
	year = {2015},
		month 	= {},
	 howpublished = {\url{http://www.volkskrant.nl/media/nederland-op-vijfde-plek-met-bijna-miljoen-netflix-abonnees~a3851031/}},
	
	 note = {Last accessed February 27, 2015}
}

@misc{raspberry-video,
	author = { jelleke60},
	title = {How-To: Raspberry Pi media SERVER (easy)},
	year = {2013},
		month 	= {},
	 howpublished = {	\url{http://www.raspberrypi.org/forums/viewtopic.php?t=56149}},

	 note = {Last accessed February 27, 2015}
}


@misc{video-1080p,
	author = {tpy's},
	title = {Live 1080p video streaming from the Raspberry Pi to browsers using nginx and rtmp},
	year = {2014},
		month 	= {},
	 howpublished = {\url{http://tpy.tw/?p=109}},

	 note= {Last accessed February 27, 2015}
}

@misc{ab,
	author = {Apache},
	title = {ab - Apache HTTP server benchmarking tool},
	year = {2015},
	month 	= {},
	howpublished = {\url{http://httpd.apache.org/docs/2.2/programs/ab.html}},
	
	note= {Last accessed March 2, 2015}
}


@misc{beowolf-setup,
	author = {Joshua Kiepert},
	title = {Creating a Raspberry Pi-Based Beowulf Cluster},
	year = {2013},
	month 	= {May},
	howpublished = {\url{http://coen.boisestate.edu/ece/files/2013/05/Creating.a.Raspberry.Pi-Based.Beowulf.Cluster_v2.pdf}},
	
	note= {Last accessed February 27, 2015}
}


@misc{southampton,
	author = {Prof Simon Cox},
	title = {Steps to make Raspberry Pi Supercomputer},
	year = {2012},
		month 	= {},
	 howpublished = {\url{http://www.southampton.ac.uk/~sjc/raspberrypi/pi_supercomputer_southampton_web.pdf}},

	 note = {Last accessed February 20, 2015}
	}
@misc{dropbox,
	author = {Dropbox},
	title = {Share the power of great sync 
	with external collaborators},
	date = {2015},
 howpublished = {\url{https://www.dropbox.com/business/uses/file-sharing}},
	 note = {Last accessed March 2, 2015}
}

@misc{owncloud,
	author = {ownCloud},
	title = {ownCloud},
	date = {2015},
	 howpublished = {\url{https://owncloud.org/}},
	note= {Last accessed March 2, 2015}
}
@inproceedings{tso:2013,
	title={The Glasgow Raspberry Pi cloud: A scale model for cloud computing infrastructures},
	author={Tso, Fung Po and White, David Robert and Jouet, Simon and Singer, Jeremy and Pezaros, Dimitrios P},
	booktitle={Distributed Computing Systems Workshops (ICDCSW), 2013 IEEE 33rd International Conference on},
	pages={108--112},
	year={2013},
	organization={IEEE}
}
@article{hevner:2007,
	title={A three cycle view of design science research},
	author={Hevner, Alan R},
	journal={Scandinavian journal of information systems},
	volume={19},
	number={2},
	pages={4},
	year={2007}
}

@INPROCEEDINGS{Adhikari:2012, 
	author={Adhikari, V.K. and Yang Guo and Fang Hao and Varvello, M. and Hilt, V. and Steiner, M. and Zhi-Li Zhang}, 
	booktitle={INFOCOM, 2012 Proceedings IEEE}, 
	title={Unreeling netflix: Understanding and improving multi-CDN movie delivery}, 
	year={2012}, 
	month={March}, 
	pages={1620-1628}, 
	keywords={Internet;bandwidth allocation;computer centres;video on demand;video streaming;CDN assignment strategy;Canada;Netflix architecture;US;content delivery networks;content distribution;data centers;measurement-based adaptive CDN selection strategy;multiCDN movie delivery bandwidth;on-demand Internet video streaming;on-demand streaming services;peak downstream traffic;service strategy;user average bandwidth;video delivery bandwidth;video delivery strategy;Bandwidth;Bit rate;Browsers;Computers;Motion pictures;Servers;Streaming media}, 
	doi={10.1109/INFCOM.2012.6195531}, 
	ISSN={0743-166X},}

@inproceedings{martin:2013,
	title={Characterizing Netflix bandwidth consumption},
	author={Martin, Jim and Fu, Yunhui and Wourms, Nicholas and Shaw, Terry},
	booktitle={Consumer Communications and Networking Conference (CCNC), 2013 IEEE},
	pages={230--235},
	year={2013},
	organization={IEEE}
}

@inproceedings{youseff:2008,
	title={Toward a unified ontology of cloud computing},
	author={Youseff, Lamia and Butrico, Maria and Da Silva, Dilma},
	booktitle={Grid Computing Environments Workshop, 2008. GCE'08},
	pages={1--10},
	year={2008},
	organization={IEEE},
	doi={10.1109/GCE.2008.4738443}
}



@inproceedings{abrahamsson:2013,
	title={Affordable and energy-efficient cloud computing clusters: The Bolzano Raspberry Pi cloud cluster experiment},
	author={Abrahamsson, Pekka and Helmer, Sven and Phaphoom, Nattakarn and Nicolodi, Lorenzo and Preda, Nick and Miori, Lorenzo and Angriman, Matteo and Rikkila, Juha and Wang, Xiaofeng and Hamily, Karim and others},
	booktitle={Cloud Computing Technology and Science (CloudCom), 2013 IEEE 5th International Conference on},
	volume={2},
	pages={170--175},
	year={2013},
	organization={IEEE},
	doi={10.1109/CloudCom.2013.121}
}



@inproceedings{drago2012inside,
	title={Inside dropbox: understanding personal cloud storage services},
	author={Drago, Idilio and Mellia, Marco and M Munafo, Maurizio and Sperotto, Anna and Sadre, Ramin and Pras, Aiko},
	booktitle={Proceedings of the 2012 ACM conference on Internet measurement conference},
	pages={481--494},
	year={2012},
	organization={ACM},
	doi={10.1145/2398776.2398827}
}