@ARTICLE{bowman:reasoning,
	AUTHOR = "Mic Bowman and Saumya K. Debray and Larry L. Peterson",
	TITLE = "Reasoning About Naming Systems",
	JOURNAL = "ACM Trans. Program. Lang. Syst.",
	VOLUME = {15},
	NUMBER = {5},
	PAGES = {795-825},
	MONTH = "November",
	YEAR = {1993}	}

@ARTICLE{braams:babel,
	AUTHOR = "Johannes Braams",
	TITLE = "Babel, a Multilingual Style-Option System for Use with LaTeX's Standard Document Styles",
	JOURNAL = {TUGboat},
	VOLUME = {12},
	NUMBER = {2},
	PAGES = {291-301},
	MONTH = "June",
	YEAR = {1991}	}

@INPROCEEDINGS{clark:pct,
	AUTHOR = "Malcolm Clark",
	TITLE = "Post Congress Tristesse",
	BOOKTITLE = "TeX90 Conference Proceedings",
	PAGES = "84-89",
	ORGANIZATION = "TeX Users Group",
	MONTH = "March", 
	YEAR = {1991}	}

@ARTICLE{herlihy:methodology,
	AUTHOR = "Maurice Herlihy",
	TITLE = "A Methodology for Implementing Highly Concurrent
	Data Objects",
	JOURNAL = {ACM Trans. Program. Lang. Syst.},
	VOLUME = {15},
	NUMBER = {5},
	PAGES = {745-770},
	MONTH = "November",
	YEAR = {1993}	}

@BOOK{Lamport:LaTeX,
	AUTHOR = "Leslie Lamport",
	TITLE = "LaTeX User's Guide and Document Reference Manual",
	PUBLISHER = "Addison-Wesley Publishing Company",
	ADDRESS = "Reading, Massachusetts",
	YEAR = "1986"	}

@BOOK{salas:calculus,
	AUTHOR = "S.L. Salas and Einar Hille",
	TITLE = "Calculus: One and Several Variable",
	PUBLISHER = "John Wiley and Sons",
	ADDRESS = "New York",
	YEAR = "1978"	}

@article{armbrust:2009,
  title={M.: Above the clouds: a Berkeley view of cloud computing},
  author={Armbrust, Michael and Fox, O and Griffith, Rean and Joseph, Anthony D and Katz, Y and Konwinski, Andy and Lee, Gunho and Patterson, David and Rabkin, Ariel and Stoica, Ion and others},
  journal={Communications of the ACM},
  year={2009},
  publisher={ACM},
  doi={10.1145/1721654.1721672}
}

@online{hosting,
	ALTauthor = {author},
	ALTeditor = {editor},
	title = {Raspberry Pi hosting. Raspberry Pi in the heart of Europe.},
	date = {2015},
	url = {https://raspberry-hosting.com/en},

}


@online{density,
	ALTauthor = {author},
	ALTeditor = {editor},
	title = { The Datacenter Journal. Raising Data Center Power Density},
	date = {October 2013},
	url = {http://www.datacenterjournal.com/it/raising-data-center-power-density/}
}

@online{Pcextreme,
	author = {PCextreme},
	title = { Raspberry Pi colocatie},
	date = {2013},
	url = {http://raspberrycolocatie.nl/}
}

@online{VPN:2014,
	author={Lauren Orsini},
	url{http://readwrite.com/2014/04/10/raspberry-pi-vpn-tutorial-server-secure-web-browsing},
	date={2014},
	editor={readwrite},
	lastchecked = {19.02.2015}
	}

@online{Powerusage,
	author = {PCextreme},
	title = { Waarom doen we dit},
	date = {2013},
	url = {http://raspberrycolocatie.nl/why/}
}
@inproceedings{tso:2013,
	title={The Glasgow Raspberry Pi cloud: A scale model for cloud computing infrastructures},
	author={Tso, Fung Po and White, David Robert and Jouet, Simon and Singer, Jeremy and Pezaros, Dimitrios P},
	booktitle={Distributed Computing Systems Workshops (ICDCSW), 2013 IEEE 33rd International Conference on},
	pages={108--112},
	year={2013},
	organization={IEEE}
}
@article{hevner:2007,
	title={A three cycle view of design science research},
	author={Hevner, Alan R},
	journal={Scandinavian journal of information systems},
	volume={19},
	number={2},
	pages={4},
	year={2007}
}

@INPROCEEDINGS{Adhikari:2012, 
	author={Adhikari, V.K. and Yang Guo and Fang Hao and Varvello, M. and Hilt, V. and Steiner, M. and Zhi-Li Zhang}, 
	booktitle={INFOCOM, 2012 Proceedings IEEE}, 
	title={Unreeling netflix: Understanding and improving multi-CDN movie delivery}, 
	year={2012}, 
	month={March}, 
	pages={1620-1628}, 
	keywords={Internet;bandwidth allocation;computer centres;video on demand;video streaming;CDN assignment strategy;Canada;Netflix architecture;US;content delivery networks;content distribution;data centers;measurement-based adaptive CDN selection strategy;multiCDN movie delivery bandwidth;on-demand Internet video streaming;on-demand streaming services;peak downstream traffic;service strategy;user average bandwidth;video delivery bandwidth;video delivery strategy;Bandwidth;Bit rate;Browsers;Computers;Motion pictures;Servers;Streaming media}, 
	doi={10.1109/INFCOM.2012.6195531}, 
	ISSN={0743-166X},}

@inproceedings{martin:2013,
	title={Characterizing Netflix bandwidth consumption},
	author={Martin, Jim and Fu, Yunhui and Wourms, Nicholas and Shaw, Terry},
	booktitle={Consumer Communications and Networking Conference (CCNC), 2013 IEEE},
	pages={230--235},
	year={2013},
	organization={IEEE}
}

@inproceedings{youseff:2008,
	title={Toward a unified ontology of cloud computing},
	author={Youseff, Lamia and Butrico, Maria and Da Silva, Dilma},
	booktitle={Grid Computing Environments Workshop, 2008. GCE'08},
	pages={1--10},
	year={2008},
	organization={IEEE},
	doi={10.1109/GCE.2008.4738443}
}