@inproceedings{tso:2013,
	title={The Glasgow Raspberry Pi cloud: A scale model for cloud computing infrastructures},
	author={Tso, Fung Po and White, David Robert and Jouet, Simon and Singer, Jeremy and Pezaros, Dimitrios P},
	booktitle={Distributed Computing Systems Workshops (ICDCSW), 2013 IEEE 33rd International Conference on},
	pages={108--112},
	year={2013},
	organization={IEEE},
	doi={10.1109/ICDCSW.2013.25}
}

@inproceedings{beloglazov:2010,
	title={Energy efficient allocation of virtual machines in cloud data centers},
	author={Beloglazov, Anton and Buyya, Rajkumar},
	booktitle={Cluster, Cloud and Grid Computing (CCGrid), 2010 10th IEEE/ACM International Conference on},
	pages={577--578},
	year={2010},
	organization={IEEE},
	doi={10.1109/CCGRID.2010.45}
}

@incollection{qian:2009,
	title={Cloud computing: An overview},
	author={Qian, Ling and Luo, Zhiguo and Du, Yujian and Guo, Leitao},
	booktitle={Cloud Computing},
	pages={626--631},
	year={2009},
	publisher={Springer},
	doi={10.1007/978-3-642-10665-1_63}
}
@article{hevner:2007,
	title={A three cycle view of design science research},
	author={Hevner, Alan R},
	journal={Scandinavian journal of information systems},
	volume={19},
	number={2},
	pages={4},
	year={2007},
	doi={10.1.1.218.5386}
}

@INPROCEEDINGS{Adhikari:2012, 
	author={Adhikari, V.K. and Yang Guo and Fang Hao and Varvello, M. and Hilt, V. and Steiner, M. and Zhi-Li Zhang}, 
	booktitle={INFOCOM, 2012 Proceedings IEEE}, 
	title={Unreeling netflix: Understanding and improving multi-CDN movie delivery}, 
	year={2012}, 
	month={March}, 
	pages={1620-1628}, 
	keywords={Internet;bandwidth allocation;computer centres;video on demand;video streaming;CDN assignment strategy;Canada;Netflix architecture;US;content delivery networks;content distribution;data centers;measurement-based adaptive CDN selection strategy;multiCDN movie delivery bandwidth;on-demand Internet video streaming;on-demand streaming services;peak downstream traffic;service strategy;user average bandwidth;video delivery bandwidth;video delivery strategy;Bandwidth;Bit rate;Browsers;Computers;Motion pictures;Servers;Streaming media}, 
	doi={10.1109/INFCOM.2012.6195531}, 
	ISSN={0743-166X},}

@inproceedings{martin:2013,
	title={Characterizing Netflix bandwidth consumption},
	author={Martin, Jim and Fu, Yunhui and Wourms, Nicholas and Shaw, Terry},
	booktitle={Consumer Communications and Networking Conference (CCNC), 2013 IEEE},
	pages={230--235},
	year={2013},
	organization={IEEE},
	doi={10.1109/CCNC.2013.6488451}
}

@inproceedings{youseff:2008,
	title={Toward a unified ontology of cloud computing},
	author={Youseff, Lamia and Butrico, Maria and Da Silva, Dilma},
	booktitle={Grid Computing Environments Workshop, 2008. GCE'08},
	pages={1--10},
	year={2008},
	organization={IEEE},
	doi={10.1109/GCE.2008.4738443}
}

@inproceedings{abrahamsson:2013,
	title={Affordable and energy-efficient cloud computing clusters: The Bolzano Raspberry Pi cloud cluster experiment},
	author={Abrahamsson, Pekka and Helmer, Sven and Phaphoom, Nattakarn and Nicolodi, Lorenzo and Preda, Nick and Miori, Lorenzo and Angriman, Matteo and Rikkila, Juha and Wang, Xiaofeng and Hamily, Karim and others},
	booktitle={Cloud Computing Technology and Science (CloudCom), 2013 IEEE 5th International Conference on},
	volume={2},
	pages={170--175},
	year={2013},
	organization={IEEE},
	doi={10.1109/CloudCom.2013.121}
}

@inproceedings{drago2012inside,
	title={Inside dropbox: understanding personal cloud storage services},
	author={Drago, Idilio and Mellia, Marco and M Munafo, Maurizio and Sperotto, Anna and Sadre, Ramin and Pras, Aiko},
	booktitle={Proceedings of the 2012 ACM conference on Internet measurement conference},
	pages={481--494},
	year={2012},
	organization={ACM},
	doi={10.1145/2398776.2398827}
}

@book{jacobson1999unified,
	title={The unified software development process},
	author={Jacobson, Ivar and Booch, Grady and Rumbaugh, James and Rumbaugh, James and Booch, Grady},
	volume={1},
	year={1999},
	publisher={Addison-Wesley Reading}
}

@article{hofer:2011,
	title={Cloud computing services: taxonomy and comparison},
	author={H{\"o}fer, CN and Karagiannis, G},
	journal={Journal of Internet Services and Applications},
	volume={2},
	number={2},
	pages={81--94},
	year={2011},
	publisher={Springer},
	doi={10.1007/s13174-011-0027-x}
}


@article{dikaiakos:2009,
	title={Cloud computing: Distributed internet computing for IT and scientific research},
	author={Dikaiakos, Marios D and Katsaros, Dimitrios and Mehra, Pankaj and Pallis, George and Vakali, Athena},
	journal={Internet Computing, IEEE},
	volume={13},
	number={5},
	pages={10--13},
	year={2009},
	publisher={IEEE},
	doi={10.1109/MIC.2009.103}
}

@article{beloglazov2012energy,
	title={Energy-aware resource allocation heuristics for efficient management of data centers for cloud computing},
	author={Beloglazov, Anton and Abawajy, Jemal and Buyya, Rajkumar},
	journal={Future generation computer systems},
	volume={28},
	number={5},
	pages={755--768},
	year={2012},
	publisher={Elsevier},
	doi={doi:10.1016/j.future.2011.04.017}
}
@inproceedings{Miettinen:2010:EEM:1863103.1863107,
	author = {Miettinen, Antti P. and Nurminen, Jukka K.},
	title = {Energy Efficiency of Mobile Clients in Cloud Computing},
	booktitle = {Proceedings of the 2Nd USENIX Conference on Hot Topics in Cloud Computing},
	series = {HotCloud'10},
	year = {2010},
	location = {Boston, MA},
	pages = {4--4},
	numpages = {1},
	url = {http://dl.acm.org/citation.cfm?id=1863103.1863107},
	acmid = {1863107},
	publisher = {USENIX Association},
	address = {Berkeley, CA, USA},
} 

@book{computer-networking,
	title={Computer Networking A Top-Down Approach},
	author={James F. Kurose, Keith W. Ross},
	year={2012},
	edition={Sixth Edition},
	publisher={Pearson},
	 ISBN={978-0-13-285620-1}
}
@article{armbrust:2009,
  title={M.: Above the clouds: a Berkeley view of cloud computing},
  author={Armbrust, Michael and Fox, O and Griffith, Rean and Joseph, Anthony D and Katz, Y and Konwinski, Andy and Lee, Gunho and Patterson, David and Rabkin, Ariel and Stoica, Ion and others},
  journal={Communications of the ACM},
  year={2009},
  publisher={ACM},
  doi={10.1145/1721654.1721672}
}

@article{cox:2014,
	title={Iridis-pi: a low-cost, compact demonstration cluster},
	author={Cox, Simon J and Cox, James T and Boardman, Richard P and Johnston, Steven J and Scott, Mark and O’brien, Neil S},
	journal={Cluster Computing},
	volume={17},
	number={2},
	pages={349--358},
	year={2014},
	doi={10.1007/s10586-013-0282-7},
	publisher={Springer}
	
}

@misc{net-neutrality,
	author = {Kieren McCarthy},
	editor = {The Register},
	title = {This ISN'T Net Neutrality. This is Net Google. This is Net Netflix – the FCC's new masters},
	year = {2012},
	month 	= {},
	howpublished = {	\url{http://www.theregister.co.uk/2015/03/13/net_neutrality_rules/
	}},
	note= {Last accessed March 16, 2015},
	
}

@misc{dan1996load,
	title={Load balancing in video-on-demand servers by allocating buffer to streams with successively larger buffer requirements until the buffer requirements of a stream can not be satisfied},
	author={Dan, Asit and Sitaram, Dinkar},
	year={1996},
	month=aug # "~6",
	publisher={Google Patents},
	note={US Patent 5,544,327}
}

@misc{microserver,
	author = {techrepublic},
	editor = {Nick Heath},
	title = {10 things you should know about microservers},
	year = {2013},
	month 	= {},
	howpublished = {	\url{http://www.techrepublic.com/blog/10-things/10-things-you-should-know-about-microservers/}},
	note= {Last accessed May 9, 2015},
	
	
}


@misc{rtmp,
	author = {Adobe},
	editor = {Adobe},
	title = {Real-Time Messaging Protocol (RTMP) specification},
	year = {2015},
	month 	= {},
	howpublished = {	\url{http://www.adobe.com/devnet/rtmp.html}},
	note= {Last accessed May 9, 2015},

}

@misc{cassandra,
	author = {Cassandra},
	editor = {Cassandra},
	title = {Welcome to Apache Cassandra},
	year = {2015},
	month 	= {},
	howpublished = {	\url{http://cassandra.apache.org/}},
	note= {Last accessed May 25, 2015},
	
}
@misc{smil,
	author = {W3C},
	editor = {Dick Bulterman, CWI - Jack Jansen, CWI - Pablo Cesar, CWI - Sjoerd Mullender, CWI - Eric Hyche, RealNetworks - Marisa DeMeglio, DAISY Consortium - Julien Quint, DAISY Consortium - Hiroshi Kawamura, NRCD - Daniel Weck, NRCD - Xabiel García Pañeda, Universidad de Oviedo - David Melendi, Universidad de Oviedo - Samuel Cruz-Lara, INRIA - Marcin Hanclik ACCESS Co., Ltd - Daniel F. Zucker, Nokia - Thierry Michel, W3C.},
	title = {Synchronized Multimedia Integration Language},
	year = {2015},
	month 	= {},
	howpublished = {	\url{http://www.w3.org/TR/SMIL/}},
	note= {Last accessed May 15, 2015}
	
}


@misc{ffmpeg,
	author = {FFmpeg},
	editor = {FFmpeg},
	title = {FFmpeg},
	year = {2015},
	month 	= {},
	howpublished = {	\url{https://www.ffmpeg.org/}},
	note= {Last accessed May 9, 2015}
	
}
@misc{ipref,
	author = {Ipref},
	editor = {Ipref},
	title = {Ipref},
	year = {2015},
	month 	= {},
	howpublished = {	\url{https://iperf.fr/}},
	note= {Last accessed May 9, 2015}
	
}

@misc{jwplayer,
	author = {JW Player},
	editor = {JW Player},
	title = {JW PLayer},
	year = {2015},
	month 	= {},
	howpublished = {	\url{http://www.jwplayer.com/}},
	note= {Last accessed May 9, 2015}
}



@misc{jmeter,
	author = {Apache software foundation},
	editor = {Apache software foundation},
	title = {Apache JMeter},
	year = {2053},
	month 	= {},
	howpublished = {\url{http://jmeter.apache.org/}},
	note= {Last accessed May 9, 2015},	
}


@misc{nmon,
	author = {LINUX},
	editor = {LINUX},
	title = {nmon for Linux},
	year = {2012},
	month 	= {},
	howpublished = {	\url{http://nmon.sourceforge.net/pmwiki.php}},
	note= {Last accessed March 2, 2015},
	
	
}


@misc{bandwidth,
	author = {Silver Moon},
	editor = {Silver Moon},
	title = {18 commands to monitor network bandwidth on Linux server},
	year = {2014},
	month 	= {},
	howpublished = {\url{http://www.binarytides.com/linux-commands-monitor-network/}},
	note= {Last accessed March 2, 2015},
	
	
}

@misc{raspberry-pi,
	author = {RASPBERRY PI FOUNDATION},
	editor = {RASPBERRY PI FOUNDATION},
	title = {WHAT IS A RASPBERRY PI?},
	year = {2015},
	month 	= {},
	howpublished = {	\url{http://www.raspberrypi.org/help/what-is-a-raspberry-pi/}},
	note= {Last accessed May 5, 2015},
	
	
}



@misc{load-balancing,
	author = {The University of Tennessee},
	editor = {Office of Information Technology},
	title = {What load balancing methods are available?},
	year = {2015},
	month 	= {},
	howpublished = {\url{https://help.utk.edu/kb/index2.php?func=show&e=1699}},
	note = {Last accessed May 5, 2015},
	
	
}

@misc{Raspberry-media-server,
	author = { Nick Peers},
	month 	= {},
	title = {How to build the best Raspberry Pi media server},
	year = {2015},
	howpublished = {\url{http://www.techradar.com/news/digital-home/media-servers/how-to-build-the-best-raspberry-pi-media-server-1163133/2}},
	note = {Last accessed February 27, 2015},
	
	
}

@misc{gstreamer,
	author = { Gstreamer},	
	title = {Gstreamer sdk},
	year = {2015},
	month 	= {},
	howpublished = {\url{http://www.gstreamer.com/}},
	note = {Last accessed February 27, 2015},
	
	
}

@misc{hosting,
	author = {raspberry-hosting},
	editor = {raspberry-hosting},
	title = {Raspberry Pi hosting. Raspberry Pi in the heart of Europe.},
	year = {2015},
	month 	= {},
	howpublished = {\url{https://raspberry-hosting.com/en}},
	note = {Last accessed February 27, 2015},
	
	
}


@misc{density,
	author = {The Datacenter Journal},
	editor = {The Datacenter Journal},
	title = { The Datacenter Journal. Raising Data Center Power Density},
	year = {2013},
	month 	= {October},
	howpublished = {	\url{http://www.datacenterjournal.com/it/raising-data-center-power-density/}},
	note = {Last accessed February 27, 2015},
}

@misc{Pcextreme,
	author = {PCextreme},
	title = { Raspberry Pi colocatie},
	year = {2013},
	month 	= "October",
	howpublished = {\url{http://raspberrycolocatie.nl/}},
	note = {Last accessed February 27, 2015},
	
}

@misc{wowza,
	author = {WOWZA media systems},
	title = {The World's Leading Streaming Technology},
	year = {2015},
	month 	= {},
	howpublished = {\url{http://www.wowza.com/}},
	note = {Last accessed May 22, 2015},
}
@misc{youtube,
	author = {Youtube},
	title = {Youtube},
	year = {2015},
	month 	= "",
	howpublished = {\url{https://www.youtube.com/}},
	note = {Last accessed May 22, 2015},
	
}


@misc{arut,
	author={Roman Arutyunyan},
	editor={Roman Arutyunyan},
	title={NGINX-based Media Streaming Server},
	year={2015},
	howpublished={
	\url{https://github.com/arut/nginx-rtmp-module}
	},
	note={Last accessed May 5, 2015}
		
	}


@misc{dropbox-clone,
	author = {koff1979},
	title = {Raspberry Pi Owncloud (dropbox clone)},
	year = {2015},
	month 	= {},
	howpublished = {	\url{http://www.instructables.com/id/Raspberry-Pi-Owncloud-dropbox-clone/}},
	
	note = {Last accessed February 28, 2015}
}

@misc{nginx,
	author = {Nginx},
	title = {NGINX},
	year = {2015},
	month 	= {},
	howpublished = {	\url{http://nginx.com/}},
	
	note = {Last accessed May 25, 2015}
}

@misc{netflix,
	author = {Netflix},
	title = {Netflix},
	year = {2015},
	month 	= {},
	howpublished = {	\url{https://www.netflix.com/}},
	
	note = {Last accessed May 25, 2015}
}
@misc{dietpi,
	author = {Dan Knight},
	title = {DietPi for Raspberry Pi's},
	year = {2014},
	month 	= {},
	howpublished = {	\url{http://fuzon.co.uk/phpbb/viewtopic.php?f=8&t=6}},
	
	note = {Last accessed May 21, 2015}
}
http://fuzon.co.uk/phpbb/viewtopic.php?f=8&t=6

@misc{amazon,
	author = {Amazon},
	title = {Elastic Load Balancing},
	year = {2015},
	month 	= {},
	howpublished = {	\url{http://docs.aws.amazon.com/ElasticLoadBalancing/latest/APIReference/Welcome.html}},
	
	note = {Last accessed February 28, 2015}
}




@misc{volkskrant,
	author = {de Volkskrant},
	title = {Nederland op vijfde plek met bijna miljoen Netflix-abonnees},
	year = {2015},
	month 	= {},
	howpublished = {http://www.volkskrant.nl/media/nederland-op-vijfde-plek-met-bijna-miljoen-netflix-abonnees~a3851031/},
	
	note = {Last accessed February 27, 2015}
}

@misc{raspberry-video,
	author = { jelleke60},
	title = {How-To: Raspberry Pi media SERVER (easy)},
	year = {2013},
	month 	= {},
	howpublished = {	\url{http://www.raspberrypi.org/forums/viewtopic.php?t=56149}},
	
	note = {Last accessed February 27, 2015}
}
@misc{g-streamer,
	author = {IBEX},
	title = {Streaming Video Using gstreamer},
	year = {2014},
	month 	= {},
	howpublished = {\url{http://www.raspberry-projects.com/pi/pi-hardware/raspberry-pi-camera/streaming-video-using-gstreamer}},
	
	note = {Last accessed February 27, 2015}
}

@misc{video-1080p,
	author = {tpy's},
	title = {Live 1080p video streaming from the Raspberry Pi to browsers using nginx and rtmp},
	year = {2014},
	month 	= {},
	howpublished = {\url{http://tpy.tw/?p=109}},
	
	note= {Last accessed February 27, 2015}
}

@misc{beowolf-setup,
	author = {Joshua Kiepert},
	title = {Creating a Raspberry Pi-Based Beowulf Cluster},
	year = {2013},
	month 	= {May},
	howpublished = {\url{http://coen.boisestate.edu/ece/files/2013/05/Creating.a.Raspberry.Pi-Based.Beowulf.Cluster_v2.pdf}},
	
	note= {Last accessed February 27, 2015}
}


@misc{southampton,
	author = {Prof Simon Cox},
	title = {Steps to make Raspberry Pi Supercomputer},
	year = {2012},
	month 	= {},
	howpublished = {\url{http://www.southampton.ac.uk/~sjc/raspberrypi/pi_supercomputer_southampton_web.pdf}},
	
	note = {Last accessed February 20, 2015}
}





